Automatically generated by Mendeley Desktop 1.11
Any changes to this file will be lost if it is regenerated by Mendeley.

BibTeX export options can be customized via Preferences -> BibTeX in Mendeley Desktop

@inproceedings{Krizhevsky2012,
author = {Krizhevsky, Alex and Sut, Ilyaskever and Hinton, Geoffrey E},
booktitle = {NIPS},
file = {:Users/sergeyk/Dropbox/Documents/Mendeley/Krizhevsky, Sut, Hinton/Krizhevsky, Sut, Hinton - 2012 - ImageNet Classification with Deep Convolutional Neural Networks.pdf:pdf},
title = {{ImageNet Classification with Deep Convolutional Neural Networks}},
year = {2012}
}
@unpublished{Iandola,
archivePrefix = {arXiv},
arxivId = {arXiv:1404.1869v1},
author = {Iandola, Forrest and Moskewicz, Matt and Karayev, Sergey and Girshick, Ross and Darrell, Trevor and Keutzer, Kurt},
eprint = {arXiv:1404.1869v1},
file = {:Users/sergeyk/Dropbox/Documents/Mendeley/Iandola et al/Iandola et al. - Unknown - DenseNet Implementing Efficient ConvNet Descriptor Pyramids.pdf:pdf},
keywords = {deep learning,implementation,object detection},
pages = {1--11},
title = {{DenseNet: Implementing Efficient ConvNet Descriptor Pyramids}}
}
@inproceedings{Felzenszwalb2010b,
author = {Felzenszwalb, Pedro F and Girshick, Ross B and McAllester, David},
booktitle = {CVPR},
doi = {10.1109/CVPR.2010.5539906},
file = {:Users/sergeyk/Dropbox/Documents/Mendeley/Felzenszwalb, Girshick, McAllester/Felzenszwalb, Girshick, McAllester - 2010 - Cascade object detection with deformable part models.pdf:pdf},
isbn = {978-1-4244-6984-0},
month = jun,
pages = {2241--2248},
publisher = {IEEE},
title = {{Cascade object detection with deformable part models}},
url = {http://ieeexplore.ieee.org/lpdocs/epic03/wrapper.htm?arnumber=5539906},
year = {2010}
}
@inproceedings{Karayev-NIPS-2012,
author = {Karayev, Sergey and Baumgartner, Tobias and Fritz, Mario and Darrell, Trevor},
booktitle = {NIPS},
file = {:Users/sergeyk/Dropbox/Documents/Mendeley/Karayev et al/Karayev et al. - 2012 - Timely Object Recognition.pdf:pdf},
title = {{Timely Object Recognition}},
year = {2012}
}
@techreport{Girshick2014,
archivePrefix = {arXiv},
arxivId = {arXiv:1311.2524v3},
author = {Girshick, Ross and Donahue, Jeff and Darrell, Trevor and Malik, Jitendra and Berkeley, U C},
eprint = {arXiv:1311.2524v3},
file = {:Users/sergeyk/Dropbox/Documents/Mendeley/Girshick et al/Girshick et al. - 2014 - Rich feature hierarchies for accurate object detection and semantic segmentation.pdf:pdf},
title = {{Rich feature hierarchies for accurate object detection and semantic segmentation}},
year = {2014}
}
@techreport{Zou2014,
archivePrefix = {arXiv},
arxivId = {arXiv:1404.4316v1},
author = {Zou, Will Y and Wang, Xiaoyu and Sun, Miao and Lin, Yuanqing},
eprint = {arXiv:1404.4316v1},
file = {:Users/sergeyk/Dropbox/Documents/Mendeley/Zou et al/Zou et al. - 2014 - Generic Object Detection with Dense Neural Patterns and Regionlets.pdf:pdf},
title = {{Generic Object Detection with Dense Neural Patterns and Regionlets}},
year = {2014}
}
